<record><leader>00000cas a2200000 a 4500</leader><controlfield tag="001">4046512</controlfield><controlfield tag="008">780712d1847184ualuwr ne      0    0eng  </controlfield><datafield ind1=" " ind2=" " tag="010"><subfield code="a">sn 84020646 </subfield><subfield code="z">   76645128 </subfield></datafield><datafield ind1=" " ind2=" " tag="040"><subfield code="a">DLC</subfield><subfield code="b">eng</subfield><subfield code="c">DLC</subfield><subfield code="d">NPX</subfield><subfield code="d">DLC</subfield><subfield code="d">CPN</subfield><subfield code="d">DLC</subfield><subfield code="d">NVF</subfield><subfield code="d">CVF</subfield><subfield code="d">OCL</subfield><subfield code="d">DLC</subfield><subfield code="d">CUI</subfield><subfield code="d">OCLCQ</subfield><subfield code="d">OCLCF</subfield></datafield><datafield ind1="1" ind2=" " tag="029"><subfield code="a">AU@</subfield><subfield code="b">000001245510</subfield></datafield><datafield ind1=" " ind2=" " tag="042"><subfield code="a">pcc</subfield></datafield><datafield ind1=" " ind2=" " tag="043"><subfield code="a">n-us-al</subfield></datafield><datafield ind1="0" ind2="0" tag="050"><subfield code="a">Newspaper</subfield></datafield><datafield ind1=" " ind2="4" tag="050"><subfield code="a">AN</subfield></datafield><datafield ind1="0" ind2="0" tag="245"><subfield code="a">Weekly flag &amp; advertiser.</subfield></datafield><datafield ind1="3" ind2=" " tag="246"><subfield code="a">Weekly flag and advertiser</subfield></datafield><datafield ind1="1" ind2="7" tag="246"><subfield code="a">Flag &amp; advertiser</subfield><subfield code="f">&lt;Feb. 26, 1847-&gt;</subfield></datafield><datafield ind1="3" ind2=" " tag="246"><subfield code="a">Flag and Advertiser</subfield></datafield><datafield ind1=" " ind2=" " tag="260"><subfield code="a">Montgomery, Ala. :</subfield><subfield code="b">McCormick &amp; Walshe</subfield></datafield><datafield ind1=" " ind2=" " tag="300"><subfield code="a">v.</subfield></datafield><datafield ind1=" " ind2=" " tag="310"><subfield code="a">Weekly</subfield></datafield><datafield ind1="1" ind2=" " tag="362"><subfield code="a">Began Jan. 1, 1847.</subfield></datafield><datafield ind1=" " ind2=" " tag="515"><subfield code="a">Vols. for Feb. 26, 1847-May 18, 1849 called also Old ser., v. 13-16.</subfield></datafield><datafield ind1=" " ind2=" " tag="530"><subfield code="a">Available on microfilm from the Library of Congress, Photoduplication Service.</subfield></datafield><datafield ind1=" " ind2=" " tag="580"><subfield code="a">Merger of: State journal &amp; flag, and: Montgomery advertiser (Montgomery, Ala. : 1840).</subfield></datafield><datafield ind1=" " ind2=" " tag="588"><subfield code="a">Description based on: New ser., v. 1, no. 8 (Feb. 26, 1847) = Old ser., v. 13.</subfield></datafield><datafield ind1=" " ind2="0" tag="651"><subfield code="a">Montgomery (Ala.)</subfield><subfield code="v">Newspapers.</subfield></datafield><datafield ind1=" " ind2="0" tag="651"><subfield code="a">Montgomery County (Ala.)</subfield><subfield code="v">Newspapers.</subfield></datafield><datafield ind1=" " ind2="7" tag="655"><subfield code="a">Newspapers.</subfield><subfield code="2">fast</subfield><subfield code="0">(OCoLC)fst01423814</subfield></datafield><datafield ind1=" " ind2="7" tag="651"><subfield code="a">Alabama</subfield><subfield code="z">Montgomery.</subfield><subfield code="2">fast</subfield><subfield code="0">(OCoLC)fst01202689</subfield></datafield><datafield ind1=" " ind2="7" tag="651"><subfield code="a">Alabama</subfield><subfield code="z">Montgomery County.</subfield><subfield code="2">fast</subfield><subfield code="0">(OCoLC)fst01214111</subfield></datafield><datafield ind1=" " ind2=" " tag="752"><subfield code="a">United States</subfield><subfield code="b">Alabama</subfield><subfield code="c">Montgomery</subfield><subfield code="d">Montgomery.</subfield></datafield><datafield ind1="0" ind2=" " tag="775"><subfield code="t">Tri-weekly flag &amp; advertiser</subfield><subfield code="w">(DLC)sn 84022000</subfield><subfield code="w">(OCoLC)4054473</subfield></datafield><datafield ind1="0" ind2="8" tag="776"><subfield code="i">Online version:</subfield><subfield code="t">Weekly flag &amp; advertiser (Online)</subfield><subfield code="w">(OCoLC)657899687</subfield></datafield><datafield ind1="1" ind2="4" tag="780"><subfield code="t">State journal &amp; flag</subfield><subfield code="w">(DLC)sn 82014375</subfield><subfield code="w">(OCoLC)8793585</subfield></datafield><datafield ind1="1" ind2="4" tag="780"><subfield code="t">Montgomery advertiser (Montgomery, Ala. : 1840)</subfield><subfield code="w">(DLC)sn 84025756</subfield><subfield code="w">(OCoLC)10464166</subfield></datafield><datafield ind1="0" ind2="0" tag="785"><subfield code="t">Advertiser and state gazette (Montgomery, Ala. : Weekly)</subfield><subfield code="w">(DLC)sn 84023545</subfield><subfield code="w">(OCoLC)11032740</subfield></datafield></record>